@ARTICLE{2020MNRAS.tmp.3168L,
       author = {{Lovell}, Christopher C. and {Vijayan}, Aswin P. and {Thomas}, Peter A. and
         {Wilkins}, Stephen M. and {Barnes}, David J. and {Irodotou}, Dimitrios and
         {Roper}, Will},
        title = "{First Light And Reionisation Epoch Simulations (FLARES) I: Environmental Dependence of High-Redshift Galaxy Evolution}",
      journal = {\mnras},
     keywords = {galaxies: high-redshift, galaxies: evolution, galaxies: abundances, Astrophysics - Astrophysics of Galaxies},
         year = 2020,
        month = oct,
          doi = {10.1093/mnras/staa3360},
archivePrefix = {arXiv},
       eprint = {2004.07283},
 primaryClass = {astro-ph.GA},
       adsurl = {https://ui.adsabs.harvard.edu/abs/2020MNRAS.tmp.3168L},
      adsnote = {Provided by the SAO/NASA Astrophysics Data System}
}

@ARTICLE{2020arXiv201015637M,
       author = {{Morishita}, T.},
        title = "{SuperBoRG: Search for The Brightest of Reionizing Galaxies and Quasars in HST Parallel Imaging Data}",
      journal = {arXiv e-prints},
     keywords = {Astrophysics - Astrophysics of Galaxies},
         year = 2020,
        month = oct,
          eid = {arXiv:2010.15637},
        pages = {arXiv:2010.15637},
archivePrefix = {arXiv},
       eprint = {2010.15637},
 primaryClass = {astro-ph.GA},
       adsurl = {https://ui.adsabs.harvard.edu/abs/2020arXiv201015637M},
      adsnote = {Provided by the SAO/NASA Astrophysics Data System}
}

@ARTICLE{2020MNRAS.499.2401T,
       author = {{Trapp}, A.~C. and {Furlanetto}, Steven R.},
        title = "{A flexible analytic model of cosmic variance in the first billion years}",
      journal = {\mnras},
     keywords = {methods: data analysis, galaxies: high-redshift, cosmology: theory, Astrophysics - Astrophysics of Galaxies},
         year = 2020,
        month = sep,
       volume = {499},
       number = {2},
        pages = {2401-2415},
          doi = {10.1093/mnras/staa2828},
archivePrefix = {arXiv},
       eprint = {2009.05059},
 primaryClass = {astro-ph.GA},
       adsurl = {https://ui.adsabs.harvard.edu/abs/2020MNRAS.499.2401T},
      adsnote = {Provided by the SAO/NASA Astrophysics Data System}
}

@ARTICLE{2020MNRAS.496..754B,
       author = {{Bhowmick}, Aklant K. and {Somerville}, Rachel S. and
         {Di Matteo}, Tiziana and {Wilkins}, Stephen and {Feng}, Yu and
         {Tenneti}, Ananth},
        title = "{Cosmic variance of z > 7 galaxies: prediction from BLUETIDES}",
      journal = {\mnras},
     keywords = {galaxies: high-redshift, Astrophysics - Cosmology and Nongalactic Astrophysics},
         year = 2020,
        month = jun,
       volume = {496},
       number = {1},
        pages = {754-766},
          doi = {10.1093/mnras/staa1605},
archivePrefix = {arXiv},
       eprint = {1908.02787},
 primaryClass = {astro-ph.CO},
       adsurl = {https://ui.adsabs.harvard.edu/abs/2020MNRAS.496..754B},
      adsnote = {Provided by the SAO/NASA Astrophysics Data System}
}

@ARTICLE{2020MNRAS.493.2059B,
       author = {{Bowler}, R.~A.~A. and {Jarvis}, M.~J. and {Dunlop}, J.~S. and
         {McLure}, R.~J. and {McLeod}, D.~J. and {Adams}, N.~J. and
         {Milvang-Jensen}, B. and {McCracken}, H.~J.},
        title = "{A lack of evolution in the very bright end of the galaxy luminosity function from z â‰ƒ 8 to 10}",
      journal = {\mnras},
     keywords = {galaxies: evolution, galaxies: formation, galaxies: high-redshift, Astrophysics - Astrophysics of Galaxies, Astrophysics - Cosmology and Nongalactic Astrophysics},
         year = 2020,
        month = apr,
       volume = {493},
       number = {2},
        pages = {2059-2084},
          doi = {10.1093/mnras/staa313},
archivePrefix = {arXiv},
       eprint = {1911.12832},
 primaryClass = {astro-ph.GA},
       adsurl = {https://ui.adsabs.harvard.edu/abs/2020MNRAS.493.2059B},
      adsnote = {Provided by the SAO/NASA Astrophysics Data System}
}

@ARTICLE{2020ApJ...891..146R,
       author = {{Rojas-Ruiz}, Sof{\'\i}a and {Finkelstein}, Steven L. and
         {Bagley}, Micaela B. and {Stevans}, Matthew and
         {Finkelstein}, Keely D. and {Larson}, Rebecca and {Mechtley}, Mira and
         {Diekmann}, James},
        title = "{Probing the Bright End of the Rest-frame Ultraviolet Luminosity Function at z = 8-10 with Hubble Pure-parallel Imaging}",
      journal = {\apj},
     keywords = {1146, 734, 594, 1383, 1935, Astrophysics - Astrophysics of Galaxies},
         year = 2020,
        month = mar,
       volume = {891},
       number = {2},
          eid = {146},
        pages = {146},
          doi = {10.3847/1538-4357/ab7659},
archivePrefix = {arXiv},
       eprint = {2002.06209},
 primaryClass = {astro-ph.GA},
       adsurl = {https://ui.adsabs.harvard.edu/abs/2020ApJ...891..146R},
      adsnote = {Provided by the SAO/NASA Astrophysics Data System}
}

@ARTICLE{2017MNRAS.469.2517W,
       author = {{Wilkins}, Stephen M. and {Feng}, Yu and {Di Matteo}, Tiziana and
         {Croft}, Rupert and {Lovell}, Christopher C. and {Waters}, Dacen},
        title = "{The properties of the first galaxies in the BlueTides simulation}",
      journal = {\mnras},
     keywords = {methods: numerical, galaxies: high-redshift, galaxies: luminosity function, mass function, galaxies: photometry, Astrophysics - Astrophysics of Galaxies},
         year = 2017,
        month = aug,
       volume = {469},
       number = {3},
        pages = {2517-2530},
          doi = {10.1093/mnras/stx841},
archivePrefix = {arXiv},
       eprint = {1704.00954},
 primaryClass = {astro-ph.GA},
       adsurl = {https://ui.adsabs.harvard.edu/abs/2017MNRAS.469.2517W},
      adsnote = {Provided by the SAO/NASA Astrophysics Data System}
}

@ARTICLE{2016ApJ...830...67B,
       author = {{Bouwens}, R.~J. and {Oesch}, P.~A. and {Labb{\'e}}, I. and
         {Illingworth}, G.~D. and {Fazio}, G.~G. and {Coe}, D. and
         {Holwerda}, B. and {Smit}, R. and {Stefanon}, M. and
         {van Dokkum}, P.~G. and {Trenti}, M. and {Ashby}, M.~L.~N. and
         {Huang}, J. -S. and {Spitler}, L. and {Straatman}, C. and
         {Bradley}, L. and {Magee}, D.},
        title = "{The Bright End of the z {\ensuremath{\sim}} 9 and z {\ensuremath{\sim}} 10 UV Luminosity Functions Using All Five CANDELS Fields*}",
      journal = {\apj},
     keywords = {galaxies: formation, galaxies: high-redshift, Astrophysics - Astrophysics of Galaxies},
         year = 2016,
        month = oct,
       volume = {830},
       number = {2},
          eid = {67},
        pages = {67},
          doi = {10.3847/0004-637X/830/2/67},
archivePrefix = {arXiv},
       eprint = {1506.01035},
 primaryClass = {astro-ph.GA},
       adsurl = {https://ui.adsabs.harvard.edu/abs/2016ApJ...830...67B},
      adsnote = {Provided by the SAO/NASA Astrophysics Data System}
}

@ARTICLE{2016ApJ...827...76B,
       author = {{Bernard}, S.~R. and {Carrasco}, D. and {Trenti}, M. and {Oesch}, P.~A. and
         {Wu}, J.~F. and {Bradley}, L.~D. and {Schmidt}, K.~B. and
         {Bouwens}, R.~J. and {Calvi}, V. and {Mason}, C.~A. and
         {Stiavelli}, M. and {Treu}, T.},
        title = "{Galaxy Candidates at z \raisebox{-0.5ex}\textasciitilde 10 in Archival Data from the Brightest of Reionizing Galaxies (BORG[z8]) Survey}",
      journal = {\apj},
     keywords = {cosmology: observations, galaxies: evolution, galaxies: formation, galaxies: high-redshift, Astrophysics - Astrophysics of Galaxies},
         year = 2016,
        month = aug,
       volume = {827},
       number = {1},
          eid = {76},
        pages = {76},
          doi = {10.3847/0004-637X/827/1/76},
archivePrefix = {arXiv},
       eprint = {1606.05955},
 primaryClass = {astro-ph.GA},
       adsurl = {https://ui.adsabs.harvard.edu/abs/2016ApJ...827...76B},
      adsnote = {Provided by the SAO/NASA Astrophysics Data System}
}

@ARTICLE{2016MNRAS.460.3170W,
       author = {{Wilkins}, Stephen M. and {Feng}, Yu and {Di-Matteo}, Tiziana and
         {Croft}, Rupert and {Stanway}, Elizabeth R. and {Bunker}, Andrew and
         {Waters}, Dacen and {Lovell}, Christopher},
        title = "{The photometric properties of galaxies in the early Universe}",
      journal = {\mnras},
     keywords = {methods: numerical, galaxies: high-redshift, galaxies: photometry, Astrophysics - Astrophysics of Galaxies, Astrophysics - Cosmology and Nongalactic Astrophysics},
         year = 2016,
        month = aug,
       volume = {460},
       number = {3},
        pages = {3170-3178},
          doi = {10.1093/mnras/stw1154},
archivePrefix = {arXiv},
       eprint = {1605.05044},
 primaryClass = {astro-ph.GA},
       adsurl = {https://ui.adsabs.harvard.edu/abs/2016MNRAS.460.3170W},
      adsnote = {Provided by the SAO/NASA Astrophysics Data System}
}

@ARTICLE{2016ApJ...817..120C,
       author = {{Calvi}, V. and {Trenti}, M. and {Stiavelli}, M. and {Oesch}, P. and
         {Bradley}, L.~D. and {Schmidt}, K.~B. and {Coe}, D. and {Brammer}, G. and
         {Bernard}, S. and {Bouwens}, R.~J. and {Carrasco}, D. and
         {Carollo}, C.~M. and {Holwerda}, B.~W. and {MacKenty}, J.~W. and
         {Mason}, C.~A. and {Shull}, J.~M. and {Treu}, T.},
        title = "{Bright Galaxies at Hubble{\textquoteright}s Redshift Detection Frontier: Preliminary Results and Design from the Redshift z \raisebox{-0.5ex}\textasciitilde 9-10 BoRG Pure-Parallel HST Survey}",
      journal = {\apj},
     keywords = {cosmology: observations, galaxies: evolution, galaxies: high-redshift, galaxies: photometry, Astrophysics - Astrophysics of Galaxies},
         year = 2016,
        month = feb,
       volume = {817},
       number = {2},
          eid = {120},
        pages = {120},
          doi = {10.3847/0004-637X/817/2/120},
archivePrefix = {arXiv},
       eprint = {1512.05363},
 primaryClass = {astro-ph.GA},
       adsurl = {https://ui.adsabs.harvard.edu/abs/2016ApJ...817..120C},
      adsnote = {Provided by the SAO/NASA Astrophysics Data System}
}

@ARTICLE{2016MNRAS.455..659W,
       author = {{Wilkins}, Stephen M. and {Bouwens}, Rychard J. and {Oesch}, Pascal A. and
         {Labb{\'e}}, Ivo and {Sargent}, Mark and {Caruana}, Joseph and
         {Wardlow}, Julie and {Clay}, Scott},
        title = "{Quantifying the UV-continuum slopes of galaxies to z {\ensuremath{\sim}} 10 using deep Hubble+Spitzer/IRAC observations}",
      journal = {\mnras},
     keywords = {galaxies: high-redshift, galaxies: ISM, ultraviolet: galaxies, Astrophysics - Astrophysics of Galaxies},
         year = 2016,
        month = jan,
       volume = {455},
       number = {1},
        pages = {659-667},
          doi = {10.1093/mnras/stv2263},
archivePrefix = {arXiv},
       eprint = {1510.01514},
 primaryClass = {astro-ph.GA},
       adsurl = {https://ui.adsabs.harvard.edu/abs/2016MNRAS.455..659W},
      adsnote = {Provided by the SAO/NASA Astrophysics Data System}
}

@ARTICLE{2014ApJ...786...57S,
       author = {{Schmidt}, Kasper B. and {Treu}, Tommaso and {Trenti}, Michele and
         {Bradley}, Larry D. and {Kelly}, Brandon C. and {Oesch}, Pascal A. and
         {Holwerda}, Benne W. and {Shull}, J. Michael and {Stiavelli}, Massimo},
        title = "{The Luminosity Function at z \raisebox{-0.5ex}\textasciitilde 8 from 97 Y-band Dropouts: Inferences about Reionization}",
      journal = {\apj},
     keywords = {cosmology: observations, galaxies: evolution, galaxies: formation, galaxies: high-redshift, Astrophysics - Cosmology and Nongalactic Astrophysics},
         year = 2014,
        month = may,
       volume = {786},
       number = {1},
          eid = {57},
        pages = {57},
          doi = {10.1088/0004-637X/786/1/57},
archivePrefix = {arXiv},
       eprint = {1402.4129},
 primaryClass = {astro-ph.CO},
       adsurl = {https://ui.adsabs.harvard.edu/abs/2014ApJ...786...57S},
      adsnote = {Provided by the SAO/NASA Astrophysics Data System}
}

@ARTICLE{2014MNRAS.439.1038W,
       author = {{Wilkins}, Stephen M. and {Stanway}, Elizabeth R. and
         {Bremer}, Malcolm N.},
        title = "{High-redshift galaxies and low-mass stars}",
      journal = {\mnras},
     keywords = {brown dwarfs, galaxies: evolution, galaxies: formation, galaxies: high-redshift, galaxies: starburst, ultraviolet: galaxies, Astrophysics - Galaxy Astrophysics, Astrophysics - Cosmology and Extragalactic Astrophysics},
         year = 2014,
        month = mar,
       volume = {439},
       number = {1},
        pages = {1038-1050},
          doi = {10.1093/mnras/stu029},
archivePrefix = {arXiv},
       eprint = {1401.6822},
 primaryClass = {astro-ph.GA},
       adsurl = {https://ui.adsabs.harvard.edu/abs/2014MNRAS.439.1038W},
      adsnote = {Provided by the SAO/NASA Astrophysics Data System}
}

@ARTICLE{2013MNRAS.430.2885W,
       author = {{Wilkins}, Stephen M. and {Bunker}, Andrew and {Coulton}, William and
         {Croft}, Rupert and {di Matteo}, Tiziana and {Khandai}, Nishikanta and
         {Feng}, Yu},
        title = "{Interpreting the observed UV continuum slopes of high-redshift galaxies}",
      journal = {\mnras},
     keywords = {galaxies: evolution, galaxies: formation, galaxies: high-redshift, galaxies: starburst, ultraviolet: galaxies, Astrophysics - Cosmology and Nongalactic Astrophysics},
         year = 2013,
        month = apr,
       volume = {430},
       number = {4},
        pages = {2885-2890},
          doi = {10.1093/mnras/stt096},
archivePrefix = {arXiv},
       eprint = {1302.1387},
 primaryClass = {astro-ph.CO},
       adsurl = {https://ui.adsabs.harvard.edu/abs/2013MNRAS.430.2885W},
      adsnote = {Provided by the SAO/NASA Astrophysics Data System}
}

@ARTICLE{2012MNRAS.424.1522W,
       author = {{Wilkins}, Stephen M. and {Gonzalez-Perez}, Violeta and
         {Lacey}, Cedric G. and {Baugh}, Carlton M.},
        title = "{Predictions for the intrinsic UV continuum properties of star-forming galaxies and the implications for inferring dust extinction}",
      journal = {\mnras},
     keywords = {galaxies: formation, ultraviolet: galaxies, Astrophysics - Cosmology and Nongalactic Astrophysics},
         year = 2012,
        month = aug,
       volume = {424},
       number = {2},
        pages = {1522-1529},
          doi = {10.1111/j.1365-2966.2012.21344.x},
archivePrefix = {arXiv},
       eprint = {1206.2732},
 primaryClass = {astro-ph.CO},
       adsurl = {https://ui.adsabs.harvard.edu/abs/2012MNRAS.424.1522W},
      adsnote = {Provided by the SAO/NASA Astrophysics Data System}
}

@ARTICLE{2011MNRAS.417..717W,
       author = {{Wilkins}, Stephen M. and {Bunker}, Andrew J. and {Stanway}, Elizabeth and
         {Lorenzoni}, Silvio and {Caruana}, Joseph},
        title = "{The ultraviolet properties of star-forming galaxies - I. HST WFC3 observations of very high redshift galaxies}",
      journal = {\mnras},
     keywords = {galaxies: evolution, galaxies: formation, galaxies: high-redshift, galaxies: starburst, ultraviolet: galaxies, Astrophysics - Cosmology and Nongalactic Astrophysics},
         year = 2011,
        month = oct,
       volume = {417},
       number = {1},
        pages = {717-729},
          doi = {10.1111/j.1365-2966.2011.19315.x},
archivePrefix = {arXiv},
       eprint = {1106.5977},
 primaryClass = {astro-ph.CO},
       adsurl = {https://ui.adsabs.harvard.edu/abs/2011MNRAS.417..717W},
      adsnote = {Provided by the SAO/NASA Astrophysics Data System}
}

@ARTICLE{2011ApJ...727L..39T,
       author = {{Trenti}, M. and {Bradley}, L.~D. and {Stiavelli}, M. and {Oesch}, P. and
         {Treu}, T. and {Bouwens}, R.~J. and {Shull}, J.~M. and
         {MacKenty}, J.~W. and {Carollo}, C.~M. and {Illingworth}, G.~D.},
        title = "{The Brightest of Reionizing Galaxies Survey: Design and Preliminary Results}",
      journal = {\apjl},
     keywords = {galaxies: evolution, galaxies: high-redshift, Astrophysics - Cosmology and Nongalactic Astrophysics},
         year = 2011,
        month = feb,
       volume = {727},
       number = {2},
          eid = {L39},
        pages = {L39},
          doi = {10.1088/2041-8205/727/2/L39},
archivePrefix = {arXiv},
       eprint = {1011.4075},
 primaryClass = {astro-ph.CO},
       adsurl = {https://ui.adsabs.harvard.edu/abs/2011ApJ...727L..39T},
      adsnote = {Provided by the SAO/NASA Astrophysics Data System}
}

@ARTICLE{2011ApJ...728L..22Y,
       author = {{Yan}, Haojing and {Yan}, Lin and {Zamojski}, Michel A. and
         {Windhorst}, Rogier A. and {McCarthy}, Patrick J. and {Fan}, Xiaohui and
         {R{\"o}ttgering}, Huub J.~A. and {Koekemoer}, Anton M. and
         {Robertson}, Brant E. and {Dav{\'e}}, Romeel and {Cai}, Zheng},
        title = "{Probing Very Bright End of Galaxy Luminosity Function at z >\raisebox{-0.5ex}\textasciitilde 7 Using Hubble Space Telescope Pure Parallel Observations}",
      journal = {\apjl},
     keywords = {cosmology: observations, galaxies: luminosity function, mass function, Astrophysics - Cosmology and Nongalactic Astrophysics},
         year = 2011,
        month = feb,
       volume = {728},
       number = {1},
          eid = {L22},
        pages = {L22},
          doi = {10.1088/2041-8205/728/1/L22},
archivePrefix = {arXiv},
       eprint = {1010.2261},
 primaryClass = {astro-ph.CO},
       adsurl = {https://ui.adsabs.harvard.edu/abs/2011ApJ...728L..22Y},
      adsnote = {Provided by the SAO/NASA Astrophysics Data System}
}

@ARTICLE{2008ApJ...676..767T,
       author = {{Trenti}, M. and {Stiavelli}, M.},
        title = "{Cosmic Variance and Its Effect on the Luminosity Function Determination in Deep High-z Surveys}",
      journal = {\apj},
     keywords = {galaxies: high-redshift, galaxies: statistics, large-scale structure of universe, Astrophysics},
         year = 2008,
        month = apr,
       volume = {676},
       number = {2},
        pages = {767-780},
          doi = {10.1086/528674},
archivePrefix = {arXiv},
       eprint = {0712.0398},
 primaryClass = {astro-ph},
       adsurl = {https://ui.adsabs.harvard.edu/abs/2008ApJ...676..767T},
      adsnote = {Provided by the SAO/NASA Astrophysics Data System}
}

